<?xml version="1.0" encoding="UTF-8"?><collection xmlns="http://www.loc.gov/MARC21/slim"><record><leader>00563nam--2200205-u-4500</leader><controlfield tag="001">000051985</controlfield><controlfield tag="002">20161230</controlfield><controlfield tag="005">20161230201049</controlfield><controlfield tag="008">090526s1000------------r-----000-0-eng-d</controlfield><datafield ind1=" " ind2=" " tag="020"><subfield code="a">0486445828</subfield></datafield><datafield ind1=" " ind2=" " tag="040"><subfield code="a">IFIN-HH</subfield></datafield><datafield ind1="1" ind2=" " tag="100"><subfield code="a">Busemann, Herbert</subfield></datafield><datafield ind1="1" ind2="0" tag="245"><subfield code="a">Projective Geometry and Prijective Metrics</subfield><subfield code="c">Herbert Busemann and Paul J. Kelly</subfield></datafield><datafield ind1=" " ind2=" " tag="250"><subfield code="a">Dover Ed</subfield></datafield><datafield ind1=" " ind2=" " tag="260"><subfield code="a">Mineola</subfield><subfield code="b">Dover Publications</subfield><subfield code="c">2006</subfield></datafield><datafield ind1=" " ind2=" " tag="300"><subfield code="a">332 p</subfield></datafield><datafield ind1=" " ind2="4" tag="650"><subfield code="a">Geometry, projective</subfield></datafield><datafield ind1="1" ind2=" " tag="700"><subfield code="a">Kelly, Paul Joseph</subfield></datafield><datafield ind1=" " ind2=" " tag="852"><subfield code="a">82221</subfield><subfield code="c">513</subfield></datafield><datafield ind1=" " ind2=" " tag="CAT"><subfield code="a">Sys</subfield><subfield code="c">20090619</subfield><subfield code="h">085246</subfield></datafield></record></collection>